<record><leader>00000cas a22000007a 4500</leader><controlfield tag="001">13900282</controlfield><controlfield tag="008">860718d1872187uwvuwr ne      0    0eng d</controlfield><datafield ind1=" " ind2=" " tag="010"><subfield code="a">sn 86092564 </subfield></datafield><datafield ind1=" " ind2=" " tag="040"><subfield code="a">WVC</subfield><subfield code="b">eng</subfield><subfield code="c">WVC</subfield><subfield code="d">OCL</subfield><subfield code="d">OCLCQ</subfield></datafield><datafield ind1=" " ind2=" " tag="042"><subfield code="a">msc</subfield></datafield><datafield ind1="0" ind2="4" tag="082"><subfield code="a">630.5</subfield></datafield><datafield ind1="0" ind2="0" tag="245"><subfield code="a">West Virginia farm journal.</subfield></datafield><datafield ind1=" " ind2=" " tag="260"><subfield code="a">Union, W. Va. :</subfield><subfield code="b">Thomas McCreery</subfield></datafield><datafield ind1=" " ind2=" " tag="300"><subfield code="a">v.</subfield></datafield><datafield ind1=" " ind2=" " tag="310"><subfield code="a">Weekly</subfield></datafield><datafield ind1="1" ind2=" " tag="362"><subfield code="a">Began in 1872?</subfield></datafield><datafield ind1=" " ind2=" " tag="500"><subfield code="a">Editor: A.C. Houston.</subfield></datafield><datafield ind1=" " ind2=" " tag="588"><subfield code="a">Description based on: Vol. 1, no. 17 (Sept. 25, 1872).</subfield></datafield><datafield ind1=" " ind2=" " tag="752"><subfield code="a">United States</subfield><subfield code="b">West Virginia</subfield><subfield code="c">Monroe</subfield><subfield code="d">Union.</subfield></datafield></record>